@article{DBLP:journals/pvldb/Ley09,
  author    = {Michael Ley},
  title     = {{DBLP} - Some Lessons Learned},
  journal   = {Proc. {VLDB} Endow.},
  volume    = {2},
  number    = {2},
  pages     = {1493--1500},
  year      = {2009},
  url       = {http://www.vldb.org/pvldb/vol2/vldb09-98.pdf},
  doi       = {10.14778/1687553.1687577},
  timestamp = {Sat, 25 Apr 2020 13:58:47 +0200},
  biburl    = {https://dblp.org/rec/journals/pvldb/Ley09.bib},
  bibsource = {dblp computer science bibliography, https://dblp.org}
}

@inproceedings{DBLP:conf/semweb/Farber19,
  author    = {Michael F{\"{a}}rber},
  title     = "{The Microsoft Academic Knowledge Graph: {A} Linked Data Source with 8 Billion Triples of Scholarly Data}",
  booktitle = "{Proceedings of the 18th International Semantic Web Conference}",
  series    = "{ISWC'19}",
  location  = "{Auckland, New Zealand}",
  pages     = {113--129},
  year      = {2019},
  url       = {https://doi.org/10.1007/978-3-030-30796-7\_8},
  doi       = {10.1007/978-3-030-30796-7\_8}
}

@online{Pythonwasistdas,
	title     = {Python FAQ},
	author    = {Python},
	year      = {2020},
	url       = {https://docs.python.org/3/faq/general.html#what-is-python},
	urldate   = {2020-10-16}
}

@online{whatisaknowledge,
	title     = {What is a Knowledge Graph?},
	author    = {ontotext},
	year      = {o.j.},
	url       = {https://www.ontotext.com/knowledgehub/fundamentals/what-is-a-knowledge-graph/},
	urldate   = {2020-10-16}
}

@online{DBLPxmlrequest,
	title     = {},
	author    = {ontotext},
	year      = {o.j.},
	url       = {https://www.ontotext.com/knowledgehub/fundamentals/what-is-a-knowledge-graph/},
	urldate   = {2020-10-16}
}


@online{graphen,
	title     = {Graph(Graphentheorie)},
	author    = {Wikipedia},
	year      = {o.j.},
	url       = {https://de.wikipedia.org/wiki/Graph_(Graphentheorie)},
	urldate   = {2020-10-17}
}

@online{PAK,
	title     = {Project Academic Knowledge (PAK) documentation},
	author    = {Microsoft},
	year      = {o.j.},
	url       = {https://docs.microsoft.com/en-us/academic-services/project-academic-knowledge/},
	urldate   = {2020-10-19}
}

@online{PAKAPI,
	title     = {Academic Search API},
	author    = {Microsoft Research APIs},
	year      = {o.j.},
	url       = {https://msr-apis.portal.azure-api.net/docs/services/academic-search-api/},
	urldate   = {2020-10-19}
}

@online{json,
	title     = {JSON},
	author    = {Wikipedia},
	year      = {o.j.},
	url       = {https://en.wikipedia.org/wiki/JSON},
	urldate   = {2020-10-17}
}



